<record><leader>00000cas a2200000 a 4500</leader><controlfield tag="001">37438941</controlfield><controlfield tag="008">970808d193919uuvtuwr ne      0    0eng c</controlfield><datafield ind1=" " ind2=" " tag="010"><subfield code="a">sn 97067557 </subfield></datafield><datafield ind1=" " ind2=" " tag="040"><subfield code="a">NVN</subfield><subfield code="b">eng</subfield><subfield code="c">NVN</subfield><subfield code="d">OCLCQ</subfield><subfield code="d">OCLCF</subfield><subfield code="d">OCLCO</subfield></datafield><datafield ind1="1" ind2=" " tag="029"><subfield code="a">AU@</subfield><subfield code="b">000013434896</subfield></datafield><datafield ind1=" " ind2=" " tag="042"><subfield code="a">pcc</subfield></datafield><datafield ind1=" " ind2=" " tag="043"><subfield code="a">n-us-vt</subfield></datafield><datafield ind1="0" ind2=" " tag="130"><subfield code="a">Plainfield news (Plainfield, Vt.)</subfield></datafield><datafield ind1="1" ind2="0" tag="245"><subfield code="a">Plainfield news.</subfield></datafield><datafield ind1=" " ind2=" " tag="260"><subfield code="a">Plainfield, Vt. :</subfield><subfield code="b">David Hagar</subfield></datafield><datafield ind1=" " ind2=" " tag="300"><subfield code="a">v.</subfield></datafield><datafield ind1=" " ind2=" " tag="310"><subfield code="a">Weekly,</subfield><subfield code="b">Sept. 15, 1944-Dec. 5, 1953</subfield></datafield><datafield ind1=" " ind2=" " tag="321"><subfield code="a">Daily,</subfield><subfield code="b">Sept. 14, 1939-Dec. 20, 1941</subfield></datafield><datafield ind1=" " ind2=" " tag="321"><subfield code="a">Semiweekly,</subfield><subfield code="b">Oct. 1, 1942-Dec. 18, 1942</subfield></datafield><datafield ind1="0" ind2=" " tag="362"><subfield code="a">Vol. 2, no. 1 (Sept. 14, 1939).</subfield></datafield><datafield ind1=" " ind2=" " tag="500"><subfield code="a">Gooddard College student publication.</subfield></datafield><datafield ind1=" " ind2="0" tag="651"><subfield code="a">Plainfield (Vt.)</subfield><subfield code="v">Newspapers.</subfield></datafield><datafield ind1=" " ind2="7" tag="655"><subfield code="a">Newspapers.</subfield><subfield code="2">fast</subfield><subfield code="0">(OCoLC)fst01423814</subfield></datafield><datafield ind1=" " ind2="7" tag="651"><subfield code="a">Vermont</subfield><subfield code="z">Plainfield.</subfield><subfield code="2">fast</subfield><subfield code="0">(OCoLC)fst01235427</subfield></datafield><datafield ind1=" " ind2=" " tag="752"><subfield code="a">United States</subfield><subfield code="b">Vermont</subfield><subfield code="c">Washington</subfield><subfield code="d">Plainfield.</subfield></datafield><datafield ind1="0" ind2="0" tag="780"><subfield code="t">Goddard record</subfield><subfield code="w">(DLC)sn 97067556</subfield><subfield code="w">(OCoLC)37438811</subfield></datafield></record>